@article{Hanninen2016,
title = "Development of vertical second harmonic wave loads of a large cruise ship in short and steep head waves", 
author = "H{\"a}nninen, {Satu K.} and Tommi Mikkola and Jerzy Matusiak",
year = "2016",
journal = "Ocean Engineering",
}

@book{Tu2012,
title = {Computational Fluid Dynamics: A practical approach},
publisher = {Elsevier Science},
year = {2012},
author = {Jiyuan Tu and Guan-Heng Yeoh and Chaoqun Liu}
}

